
@book{eisenbud,
	AUTHOR = {Eisenbud, David},
	TITLE = {Commutative algebra},
	SERIES = {Graduate Texts in Mathematics},
	VOLUME = {150},
	NOTE = {With a view toward algebraic geometry},
	PUBLISHER = {Springer-Verlag, New York},
	YEAR = {1995},
	PAGES = {xvi+785},
	ISBN = {0-387-94268-8; 0-387-94269-6},
	MRCLASS = {13-01 (14A05)},
	MRNUMBER = {1322960},
	MRREVIEWER = {Matthew\ Miller},
	DOI = {10.1007/978-1-4612-5350-1},
	URL = {https://doi.org/10.1007/978-1-4612-5350-1},
}

@book{hartshorne,
	AUTHOR = {Hartshorne, Robin},
	TITLE = {Algebraic geometry},
	SERIES = {Graduate Texts in Mathematics},
	VOLUME = {No. 52},
	PUBLISHER = {Springer-Verlag, New York-Heidelberg},
	YEAR = {1977},
	PAGES = {xvi+496},
	ISBN = {0-387-90244-9},
	MRCLASS = {14-01},
	MRNUMBER = {463157},
	MRREVIEWER = {Robert\ Speiser},
}

@misc{stacks-project,
	shorthand    = {Stacks},
	author       = {The {Stacks Project Authors}},
	title        = {\textit{Stacks Project}},
	howpublished = {\url{https://stacks.math.columbia.edu}},
	year         = {2024},
}

@book{vakil,
	AUTHOR = {Vakil, Ravi},
	TITLE = {The Rising Sea: Foundations of Algebraic Geometry},
	PUBLISHER = {Math 216: Foundations of Algebraic Geometry},
	YEAR = {2023},
}

@book{weibel,
	AUTHOR = {Weibel, Charles A.},
	TITLE = {An introduction to homological algebra},
	SERIES = {Cambridge Studies in Advanced Mathematics},
	VOLUME = {38},
	PUBLISHER = {Cambridge University Press, Cambridge},
	YEAR = {1994},
	PAGES = {xiv+450},
	ISBN = {0-521-43500-5; 0-521-55987-1},
	MRCLASS = {18-01 (16-01 17-01 20-01 55Uxx)},
	MRNUMBER = {1269324},
	MRREVIEWER = {Kenneth A. Brown},
	DOI = {10.1017/CBO9781139644136},
}

@article{flanders,
	AUTHOR = {Flanders, Harley},
	TITLE = {The norm function of an algebraic field extension},
	JOURNAL = {Pacific J. Math.},
	FJOURNAL = {Pacific Journal of Mathematics},
	VOLUME = {3},
	YEAR = {1953},
	PAGES = {103--113},
	ISSN = {0030-8730,1945-5844},
	MRCLASS = {10.0X},
	MRNUMBER = {55376},
	MRREVIEWER = {J.\ Tate},
	URL = {http://projecteuclid.org/euclid.pjm/1103051507},
}

@book{MR3380806,
	AUTHOR = {Fu, Lei},
	TITLE = {Etale cohomology theory},
	SERIES = {Nankai Tracts in Mathematics},
	VOLUME = {14},
	EDITION = {Revised},
	PUBLISHER = {World Scientific Publishing Co. Pte. Ltd., Hackensack, NJ},
	YEAR = {2015},
	PAGES = {x+611},
	ISBN = {978-981-4675-08-6},
	MRCLASS = {14F20 (11G25)},
	MRNUMBER = {3380806},
	DOI = {10.1142/9569},
	URL = {https://doi.org/10.1142/9569},
}

@book{MR3495343,
	AUTHOR = {Olsson, Martin},
	TITLE = {Algebraic spaces and stacks},
	SERIES = {American Mathematical Society Colloquium Publications},
	VOLUME = {62},
	PUBLISHER = {American Mathematical Society, Providence, RI},
	YEAR = {2016},
	PAGES = {xi+298},
	ISBN = {978-1-4704-2798-6},
	MRCLASS = {14D23 (14D22)},
	MRNUMBER = {3495343},
	MRREVIEWER = {Stefan\ Schr\"oer},
	DOI = {10.1090/coll/062},
	URL = {https://doi.org/10.1090/coll/062},
}

@MISC{264216,
	TITLE = {Bijection implies isomorphism for algebraic varieties},
	AUTHOR = {Jason Starr (https://mathoverflow.net/users/13265/jason-starr)},
	HOWPUBLISHED = {MathOverflow},
	NOTE = {URL:https://mathoverflow.net/q/264216 (version: 2017-03-09)},
	EPRINT = {https://mathoverflow.net/q/264216},
	URL = {https://mathoverflow.net/q/264216}
}
